@ARTICLE{autovetter,
       author = {{McCauliff}, Sean D. and {Jenkins}, Jon M. and {Catanzarite}, Joseph and
         {Burke}, Christopher J. and {Coughlin}, Jeffrey L. and
         {Twicken}, Joseph D. and {Tenenbaum}, Peter and {Seader}, Shawn and
         {Li}, Jie and {Cote}, Miles},
        title = "{Automatic Classification of Kepler Planetary Transit Candidates}",
      journal = {\apj},
     keywords = {astronomical databases: miscellaneous, binaries: eclipsing, catalogs, methods: statistical, planets and satellites: detection, techniques: photometric, Astrophysics - Instrumentation and Methods for Astrophysics},
         year = 2015,
        month = jun,
       volume = {806},
          doi = {10.1088/0004-637X/806/1/6},
       adsurl = {https://ui.adsabs.harvard.edu/abs/2015ApJ...806....6M}
}

@ARTICLE{robovetter,
       author = {{Coughlin}, Jeffrey L.},
        title = "{Planetary Candidates Observed by Kepler. VII. The First Fully Uniform Catalog Based on the Entire 48-month Data Set (Q1-Q17 DR24)}",
      journal = {\apjs},
     keywords = {catalogs, planetary systems, planets and satellites: detection, stars: statistics, surveys, techniques: photometric, Astrophysics - Earth and Planetary Astrophysics},
         year = 2016,
        month = may,
       volume = {224},
       number = {1},
          eid = {12},
        pages = {12},
          doi = {10.3847/0067-0049/224/1/12},
archivePrefix = {arXiv},
       eprint = {1512.06149},
 primaryClass = {astro-ph.EP},
       adsurl = {https://ui.adsabs.harvard.edu/abs/2016ApJS..224...12C},
      adsnote = {Provided by the SAO/NASA Astrophysics Data System}
}


@ARTICLE{astronet,
       author = {{Shallue}, Christopher J. and {Vanderburg}, Andrew},
        title = "{Identifying Exoplanets with Deep Learning: A Five-planet Resonant Chain around Kepler-80 and an Eighth Planet around Kepler-90}",
      journal = {\aj},
     keywords = {methods: data analysis, planets and satellites: detection, techniques: photometric, Astrophysics - Earth and Planetary Astrophysics, Astrophysics - Instrumentation and Methods for Astrophysics},
         year = 2018,
        month = feb,
       volume = {155},
       number = {2},
          eid = {94},
        pages = {94},
          doi = {10.3847/1538-3881/aa9e09},
archivePrefix = {arXiv},
       eprint = {1712.05044},
 primaryClass = {astro-ph.EP},
       adsurl = {https://ui.adsabs.harvard.edu/abs/2018AJ....155...94S},
      adsnote = {Provided by the SAO/NASA Astrophysics Data System}
}

@ARTICLE{exonet,
       author = {{Ansdell}, Megan and {Ioannou}, Yani and {Osborn}, Hugh P. and
         {Sasdelli}, Michele and
         {2018 NASA Frontier Development Lab Exoplanet Team} and
         {Smith}, Jeffrey C. and {Caldwell}, Douglas and {Jenkins}, Jon M. and
         {R{\"a}issi}, Chedy and {Angerhausen}, Daniel and
         {NASA Frontier Development Lab Exoplanet Mentors}, 2018},
        title = "{Scientific Domain Knowledge Improves Exoplanet Transit Classification with Deep Learning}",
      journal = {\apjl},
     keywords = {methods: data analysis, planets and satellites: detection, techniques: photometric, Astrophysics - Earth and Planetary Astrophysics},
         year = 2018,
        month = dec,
       volume = {869},
       number = {1},
          eid = {L7},
        pages = {L7},
          doi = {10.3847/2041-8213/aaf23b},
archivePrefix = {arXiv},
       eprint = {1810.13434},
 primaryClass = {astro-ph.EP},
       adsurl = {https://ui.adsabs.harvard.edu/abs/2018ApJ...869L...7A},
      adsnote = {Provided by the SAO/NASA Astrophysics Data System}
}


@ARTICLE{spp,
       author = {{Jenkins}, Jon M. and {Caldwell}, Douglas A. and {Chandrasekaran}, Hema and
         {Twicken}, Joseph D. and {Bryson}, Stephen T. and {Quintana}, Elisa V. and
         {Clarke}, Bruce D. and {Li}, Jie and {Allen}, Christopher and
         {Tenenbaum}, Peter and {Wu}, Hayley and {Klaus}, Todd C. and
         {Van Cleve}, Jeffrey and {Dotson}, Jessie A. and {Haas}, Michael R. and
         {Gilliland}, Ronald L. and {Koch}, David G. and {Borucki}, William J.},
        title = "{Initial Characteristics of Kepler Long Cadence Data for Detecting Transiting Planets}",
      journal = {\apjl},
     keywords = {methods: data analysis, techniques: photometric, Astrophysics - Earth and Planetary Astrophysics},
         year = 2010,
        month = apr,
       volume = {713},
       number = {2},
        pages = {L120-L125},
          doi = {10.1088/2041-8205/713/2/L120},
archivePrefix = {arXiv},
       eprint = {1001.0256},
 primaryClass = {astro-ph.EP},
       adsurl = {https://ui.adsabs.harvard.edu/abs/2010ApJ...713L.120J},
      adsnote = {Provided by the SAO/NASA Astrophysics Data System}
}

@ARTICLE{zucker,
       author = {{Zucker}, Shay and {Giryes}, Raja},
        title = "{Shallow Transits{\textemdash}Deep Learning. I. Feasibility Study of Deep Learning to Detect Periodic Transits of Exoplanets}",
      journal = {\aj},
     keywords = {methods: data analysis, planetary systems, planets and satellites: detection, planets and satellites: terrestrial planets, stars: activity, Astrophysics - Instrumentation and Methods for Astrophysics},
         year = 2018,
        month = apr,
       volume = {155},
       number = {4},
          eid = {147},
        pages = {147},
          doi = {10.3847/1538-3881/aaae05},
archivePrefix = {arXiv},
       eprint = {1711.03163},
 primaryClass = {astro-ph.IM},
       adsurl = {https://ui.adsabs.harvard.edu/abs/2018AJ....155..147Z},
      adsnote = {Provided by the SAO/NASA Astrophysics Data System}
}

@ARTICLE{pearson,
       author = {{Pearson}, Kyle A. and {Palafox}, Leon and {Griffith}, Caitlin A.},
        title = "{Searching for exoplanets using artificial intelligence}",
      journal = {\mnras},
     keywords = {Astrophysics - Instrumentation and Methods for Astrophysics, Astrophysics - Earth and Planetary Astrophysics},
         year = 2018,
        month = feb,
       volume = {474},
       number = {1},
        pages = {478-491},
          doi = {10.1093/mnras/stx2761},
archivePrefix = {arXiv},
       eprint = {1706.04319},
 primaryClass = {astro-ph.IM},
       adsurl = {https://ui.adsabs.harvard.edu/abs/2018MNRAS.474..478P},
      adsnote = {Provided by the SAO/NASA Astrophysics Data System}
}



@ARTICLE{2dcnn,
       author = {{Chintarungruangchai}, Pattana and {Jiang}, Ing-Guey},
        title = "{Detecting Exoplanet Transits through Machine-learning Techniques with Convolutional Neural Networks}",
      journal = {\pasp},
     keywords = {Astrophysics - Earth and Planetary Astrophysics, Astrophysics - Instrumentation and Methods for Astrophysics, Physics - Computational Physics},
         year = 2019,
        month = jun,
       volume = {131},
       number = {1000},
        pages = {064502},
          doi = {10.1088/1538-3873/ab13d3},
archivePrefix = {arXiv},
       eprint = {1904.12419},
 primaryClass = {astro-ph.EP},
       adsurl = {https://ui.adsabs.harvard.edu/abs/2019PASP..131f4502C},
      adsnote = {Provided by the SAO/NASA Astrophysics Data System}
}

@ARTICLE{dr24,
author = {{NASA}},
title = "{\href{https://archive.stsci.edu/kepler/release_notes/release_notes24/KSCI-19064-002DRN24.pdf}{Kepler Data Release 24 NotesQ0â€“Q17}}"
}

@ARTICLE{char,
       author = {{Charbonneau}, David and {Brown}, Timothy M. and {Latham}, David W. and
         {Mayor}, Michel},
        title = "{Detection of Planetary Transits Across a Sun-like Star}",
      journal = {\apjl},
     keywords = {STARS: BINARIES: ECLIPSING, STARS: PLANETARY SYSTEMS, STARS: INDIVIDUAL: HENRY DRAPER NUMBER: HD 209458, TECHNIQUES: PHOTOMETRIC, TECHNIQUES: RADIAL VELOCITIES, Stars: Binaries: Eclipsing, Stars: Planetary Systems, Stars: Individual: Henry Draper Number: HD 209458, Techniques: Photometric, Techniques: Radial Velocities, Astrophysics},
         year = 2000,
        month = jan,
       volume = {529},
       number = {1},
        pages = {L45-L48},
          doi = {10.1086/312457},
archivePrefix = {arXiv},
       eprint = {astro-ph/9911436},
 primaryClass = {astro-ph},
       adsurl = {https://ui.adsabs.harvard.edu/abs/2000ApJ...529L..45C},
      adsnote = {Provided by the SAO/NASA Astrophysics Data System}
}

